@STRING{ProcACL = {Proc.\ ACL}}

@INPROCEEDINGS{charniak-johnson:2005:ACL,
  author = {Charniak, Eugene and Johnson, Mark},
  title = {Coarse-to-Fine $n$-Best Parsing and {M}ax{E}nt Discriminative Reranking},
  booktitle = ProcACL,
  year = {2005},
  pages = {173--180},
  owner = {jgk},
  timestamp = {2008.06.17},
  url = {http://www.aclweb.org/anthology/P/P05/P05-1022}
}
@INPROCEEDINGS{owczarzak07labelleddepseval,
  author = {Owczarzak, Karolina and van Genabith, Josef and Way, Andy},
  title = {Labelled Dependencies in Machine Translation Evaluation},
  booktitle = {Proc.~2nd Workshop on Statistical {MT}},
  year = {2007},
  pages = {104--111},
  file = {owczarzak07labelleddepseval.pdf:owczarzak07labelleddepseval.pdf:PDF},
  keywords = {evaluation, dependency},
  owner = {jgk},
  timestamp = {2008.06.17},
  url = {http://www.aclweb.org/anthology/W/W07/W07-0214}
}
@Misc{LDC03MTC2,
  author = 	 {LDC},
  title = 	 {Multiple Translation {C}hinese corpus, part 2},
  year = 	 2003,
  note = 	 {Catalog number {LDC2003T17}.}}
@Misc{LDC06MTC4,
  author = 	 {LDC},
  title = 	 {Multiple Translation {C}hinese corpus, part 4},
  year = 	 2006,
  note = 	 {Catalog number {LDC2006T04}.}}
@MISC{darpa08gale,
  author =	 {{DARPA}},
  title =	 {{G}lobal {A}utonomous {L}anguage {E}xploitation
                  ({GALE})},
  howpublished = {Mission,
                  \url{http://www.darpa.mil/ipto/programs/gale/gale.asp}},
  year = 2008,
}
